% This file was created with JabRef 2.10.
% Encoding: Cp1252

@Misc{RegularJS2015,
	Title                    = {\textit{A comprehensive comparison of front-end templating solutions}},
	
	Author                   = {Lee {Luo Lee}},
	HowPublished             = {\url{http://regularjs.github.io/blog/2015/02/26/template-technology/}},
	Month                    = {Februar},
	Note                     = {Abgerufen am 23. Juli 2015},
	Year                     = {2015}
}

@Misc{Black2015,
  Title                    = {\textit{An AngularJS Style Guide}},

  Author                   = {Naomi Black},
  HowPublished             = {\url{http://angularjs.blogspot.de/2014/02/an-angularjs-style-guide-and-best.html}},
  Month                    = {April},
  Note                     = {Abgerufen am 14. August 2015},
  Year                     = {2015}
}

@Book{Osmani2012,
  Title                    = {Learning JavaScript Design Patterns},
  Author                   = {Addy Osmani},
  Publisher                = {O'Reilly Media, Inc.},
  Year                     = {2012},

  Address                  = {Sebastopol}
}